@MISC{Maaten08,
    author = {L.J.P. van der Maaten and E. O. Postma and H. J. van den Herik},
    title = { Dimensionality Reduction: A Comparative Review},
    year = {2008}
}

@InProceedings{Arias06,
author = {Arias, José Anibal and André-Obrecht, Régine and Farinas, Jérôme and Pinquier, Julien},
title = "{Etude de la réduction non linéaire de la dimension du signal de parole en vue de modélisations discriminatives par SVM}",
booktitle = "{Journées d'Etudes sur la Parole (poster session) (JEP), Dinard, 12/06/2006-16/06/2006}",
year = {2006},
publisher = {IRISA},
address = {http://www.irisa.fr/},
pages = {77--80},
language = {français},
URL = {http://jep2006.irisa.fr/openconf/author/final/final-98.pdf},
keywords = {SAMOVA ART.ps RAP},
note = { }
}

@article{Cayton05,
abstract = {Manifold learning is a popular recent approach to nonlinear dimensionality reduction. Algorithms for this task are based on the idea that the dimensionality of many data sets is only artificially high; though each data point consists of perhaps thousands of features, it may be described as a function of only a few underlying parameters. That is, the data points are actually samples from a low-dimensional manifold that is embedded in a high-dimensional space. Manifold learning algorithms attempt to uncover these parameters in order to find a low-dimensional representation of the data. In this paper, we discuss the motivation, background, and algorithms proposed for manifold learning. Isomap, Locally Linear Embedding, Laplacian Eigenmaps, Semidefinite Embedding, and a host of variants of these algorithms are examined.},
author = {Cayton, Lawrence},
isbn = {CS2008-0923},
journal = {Univ Calif. San Diego Tech Rep},
number = {CS2008-0923},
pages = {973--80},
title = {{Algorithms for manifold learning}},
url = {http://citeseerx.ist.psu.edu/viewdoc/download?doi=10.1.1.117.511{\&}rep=rep1{\&}type=pdf},
volume = {44},
year = {2005}
}

@phdthesis{Khoder13,
  TITLE = {{New Algorithm for Dimensionality Reduction Applied in Hyperspectral Image}},
  AUTHOR = {Khoder, Jihan},
  URL = {https://tel.archives-ouvertes.fr/tel-00939018},
  SCHOOL = {{Universit{\'e} de Versailles-Saint Quentin en Yvelines}},
  YEAR = {2013},
  MONTH = Oct,
  KEYWORDS = {Fuzzy Hybridized algorithm ; Band selection ; Projection method ; Estimator dimension reduction ; Hyperspectral imagery ; Validity index ; Dimensionality reduction. ; Image hyperspectrale ; M{\'e}thodes de projection ; S{\'e}lection de bandes ; Indice de validit{\'e} ; Crit{\`e}re de stabilit{\'e} ; Estimation de la dimension intrins{\`e}que ; Crit{\`e}re de similarit{\'e} ; Perte d'information ; R{\'e}duction de la dimension.},
  TYPE = {Theses},
  PDF = {https://tel.archives-ouvertes.fr/tel-00939018/file/Redaction_PHD_Jihan_16_copy.pdf},
  HAL_ID = {tel-00939018},
  HAL_VERSION = {v1},
}

@book{Wang12,
  title={Geometric Structure of High-Dimensional Data and Dimensionality Reduction},
  author={Wang, J.},
  isbn={9783642274978},
  lccn={2011944174},
  url={https://books.google.fr/books?id=0RmZRb2fLpgC},
  year={2012},
  publisher={Springer Berlin Heidelberg}
}
